@article{knuth84,
  author = {Knuth, Donald E.},
  title = {Literate Programming},
  year = {1984},
  issue_date = {May 1984},
  publisher = {Oxford University Press, Inc.},
  address = {USA},
  volume = {27},
  number = {2},
  issn = {0010-4620},
  url = {https://doi.org/10.1093/comjnl/27.2.97},
  doi = {10.1093/comjnl/27.2.97},
  journal = {Comput. J.},
  month = may,
  pages = {97â€“111},
  numpages = {15}
}
@book{lang2012introduction,
  title={Introduction to linear algebra},
  author={Lang, Serge},
  year={2012},
  publisher={Springer Science \& Business Media},
  
}
@book{strang2022introduction,
  title={Introduction to linear algebra},
  author={Strang, Gilbert},
  year={2022},
  publisher={SIAM},
  note={{ISBN:} 97817331466-7-8}
},

@book{strang2020linear,
  title={Linear algebra for everyone},
  author={Strang, Gilbert},
  year={2020},
  publisher={SIAM}
}

